<?xml version="1.0" encoding="UTF-8"?><record xmlns="http://www.loc.gov/MARC21/slim" xmlns:cinclude="http://apache.org/cocoon/include/1.0" xmlns:zs="http://www.loc.gov/zing/srw/">
  <leader>00496nz  a2200121n  4500</leader>
  <controlfield tag="001">n 2014059661</controlfield>
  <controlfield tag="003">DLC</controlfield>
  <controlfield tag="005">20140925191032.0</controlfield>
  <controlfield tag="008">140925n| azannaabn          |n aaa      </controlfield>
  <datafield tag="010" ind1=" " ind2=" ">
    <subfield code="a">n 2014059661</subfield>
  </datafield>
  <datafield tag="040" ind1=" " ind2=" ">
    <subfield code="a">DLC</subfield>
    <subfield code="b">eng</subfield>
    <subfield code="c">DLC</subfield>
    <subfield code="e">rda</subfield>
  </datafield>
  <datafield tag="100" ind1="1" ind2=" ">
    <subfield code="a">Beauregard, Michael A.</subfield>
  </datafield>
  <datafield tag="670" ind1=" " ind2=" ">
    <subfield code="a">His West Memphis, 2014:</subfield>
    <subfield code="b">title page (Michael A. Beauregard) back cover (has served as a parochial school teacher and administrator; has done postdoctoral research in Roman and Medieval history; native of West Memphis, Arkansas)</subfield>
  </datafield>
</record>